@ARTICLE{rfc:udplite,
	AUTHOR = "Network Working Group",
	TITLE = "The Lightweight User Datagram Protocol (UDP-Lite)",
	JOURNAL = {RFC 3828},
	VOLUME = {Standards Track},
	NUMBER = {3828},
	PAGES = {12},
	MONTH = "Juli",
	YEAR = {2004}	}



